

@ARTICLE{1976ApJ...203..297S,
   author = {{Schechter}, P.},
    title = "{An analytic expression for the luminosity function for galaxies.}",
  journal = {\apj},
     year = 1976,
    month = jan,
   volume = 203,
    pages = {297-306},
      doi = {10.1086/154079},
   adsurl = {http://adsabs.harvard.edu/abs/1976ApJ...203..297S},
  adsnote = {Provided by the SAO/NASA Astrophysics Data System}
}

@ARTICLE{1996MNRAS.280..235E,
   author = {{Ellis}, R.~S. and {Colless}, M. and {Broadhurst}, T. and {Heyl}, J. and 
	{Glazebrook}, K.},
    title = "{Autofib Redshift Survey - I. Evolution of the galaxy luminosity function}",
  journal = {\mnras},
   eprint = {astro-ph/9512057},
 keywords = {GALAXIES: EVOLUTION, GALAXIES: LUMINOSITY FUNCTION, MASS FUNCTION, COSMOLOGY: OBSERVATIONS, LARGE-SCALE STRUCTURE OF UNIVERSE},
     year = 1996,
    month = may,
   volume = 280,
    pages = {235-251},
      doi = {10.1093/mnras/280.1.235},
   adsurl = {http://adsabs.harvard.edu/abs/1996MNRAS.280..235E},
  adsnote = {Provided by the SAO/NASA Astrophysics Data System}
}

@ARTICLE{1997MNRAS.285..613H,
   author = {{Heyl}, J. and {Colless}, M. and {Ellis}, R.~S. and {Broadhurst}, T.
	},
    title = "{Autofib Redshift Survey - II. Evolution of the galaxy luminosity function by spectral type}",
  journal = {\mnras},
   eprint = {astro-ph/9610036},
 keywords = {SURVEYS, GALAXIES: EVOLUTION, GALAXIES: GENERAL, GALAXIES: LUMINOSITY FUNCTION, MASS FUNCTION, COSMOLOGY: OBSERVATIONS, LARGE-SCALE STRUCTURE OF UNIVERSE},
     year = 1997,
    month = mar,
   volume = 285,
    pages = {613-634},
      doi = {10.1093/mnras/285.3.613},
   adsurl = {http://adsabs.harvard.edu/abs/1997MNRAS.285..613H},
  adsnote = {Provided by the SAO/NASA Astrophysics Data System}
}

@ARTICLE{2002MNRAS.336..907N,
   author = {{Norberg}, P. and {Cole}, S. and {Baugh}, C.~M. and {Frenk}, C.~S. and 
	{Baldry}, I. and {Bland-Hawthorn}, J. and {Bridges}, T. and 
	{Cannon}, R. and {Colless}, M. and {Collins}, C. and {Couch}, W. and 
	{Cross}, N.~J.~G. and {Dalton}, G. and {De Propris}, R. and 
	{Driver}, S.~P. and {Efstathiou}, G. and {Ellis}, R.~S. and 
	{Glazebrook}, K. and {Jackson}, C. and {Lahav}, O. and {Lewis}, I. and 
	{Lumsden}, S. and {Maddox}, S. and {Madgwick}, D. and {Peacock}, J.~A. and 
	{Peterson}, B.~A. and {Sutherland}, W. and {Taylor}, K. and 
	{2DFGRS Team}},
    title = "{The 2dF Galaxy Redshift Survey: the b$_{J}$-band galaxy luminosity function and survey selection function}",
  journal = {\mnras},
   eprint = {astro-ph/0111011},
 keywords = {catalogues, surveys, galaxies: distances and redshifts, galaxies: luminosity function, mass function, large-scale structure of Universe},
     year = 2002,
    month = nov,
   volume = 336,
    pages = {907-931},
      doi = {10.1046/j.1365-8711.2002.05831.x},
   adsurl = {http://adsabs.harvard.edu/abs/2002MNRAS.336..907N},
  adsnote = {Provided by the SAO/NASA Astrophysics Data System}
}

@ARTICLE{2003MNRAS.344..307L,
   author = {{Liske}, J. and {Lemon}, D.~J. and {Driver}, S.~P. and {Cross}, N.~J.~G. and 
	{Couch}, W.~J.},
    title = "{The Millennium Galaxy Catalogue: 16 $\lt$=B$_{MGC}$ $\lt$ 24 galaxy counts and the calibration of the local galaxy luminosity function}",
  journal = {\mnras},
   eprint = {astro-ph/0207555},
 keywords = {catalogues, galaxies: general, galaxies: luminosity function, mass function, galaxies: statistics, cosmology: observations},
     year = 2003,
    month = sep,
   volume = 344,
    pages = {307-324},
      doi = {10.1046/j.1365-8711.2003.06826.x},
   adsurl = {http://adsabs.harvard.edu/abs/2003MNRAS.344..307L},
  adsnote = {Provided by the SAO/NASA Astrophysics Data System}
}

@ARTICLE{2004PASA...21..396J,
   author = {{Jarrett}, T.},
    title = "{Large Scale Structure in the Local Universe - The 2MASS Galaxy Catalog}",
  journal = {\pasa},
   eprint = {astro-ph/0405069},
 keywords = {general: galaxies, fundamental parameters: infrared, galaxies: clusters, surveys: astronomical},
     year = 2004,
   volume = 21,
    pages = {396-403},
      doi = {10.1071/AS04050},
   adsurl = {http://adsabs.harvard.edu/abs/2004PASA...21..396J},
  adsnote = {Provided by the SAO/NASA Astrophysics Data System}
}

@ARTICLE{2005MNRAS.360...81D,
   author = {{Driver}, S.~P. and {Liske}, J. and {Cross}, N.~J.~G. and {De Propris}, R. and 
	{Allen}, P.~D.},
    title = "{The Millennium Galaxy Catalogue: the space density and surface-brightness distribution(s) of galaxies}",
  journal = {\mnras},
   eprint = {astro-ph/0503228},
 keywords = {astronomical data bases: miscellaneous, galaxies: evolution, galaxies: formation, galaxies: fundamental parameters, galaxies: general, galaxies: luminosity function, mass function},
     year = 2005,
    month = jun,
   volume = 360,
    pages = {81-103},
      doi = {10.1111/j.1365-2966.2005.08990.x},
   adsurl = {http://adsabs.harvard.edu/abs/2005MNRAS.360...81D},
  adsnote = {Provided by the SAO/NASA Astrophysics Data System}
}

@ARTICLE{2006AJ....131.1163S,
   author = {{Skrutskie}, M.~F. and {Cutri}, R.~M. and {Stiening}, R. and 
	{Weinberg}, M.~D. and {Schneider}, S. and {Carpenter}, J.~M. and 
	{Beichman}, C. and {Capps}, R. and {Chester}, T. and {Elias}, J. and 
	{Huchra}, J. and {Liebert}, J. and {Lonsdale}, C. and {Monet}, D.~G. and 
	{Price}, S. and {Seitzer}, P. and {Jarrett}, T. and {Kirkpatrick}, J.~D. and 
	{Gizis}, J.~E. and {Howard}, E. and {Evans}, T. and {Fowler}, J. and 
	{Fullmer}, L. and {Hurt}, R. and {Light}, R. and {Kopan}, E.~L. and 
	{Marsh}, K.~A. and {McCallon}, H.~L. and {Tam}, R. and {Van Dyk}, S. and 
	{Wheelock}, S.},
    title = "{The Two Micron All Sky Survey (2MASS)}",
  journal = {\aj},
 keywords = {Catalogs, Infrared: General, Surveys},
     year = 2006,
    month = feb,
   volume = 131,
    pages = {1163-1183},
      doi = {10.1086/498708},
   adsurl = {http://adsabs.harvard.edu/abs/2006AJ....131.1163S},
  adsnote = {Provided by the SAO/NASA Astrophysics Data System}
}

@ARTICLE{2010MNRAS.406.2650M,
   author = {{Metzger}, B.~D. and {Mart{\'{\i}}nez-Pinedo}, G. and {Darbha}, S. and 
	{Quataert}, E. and {Arcones}, A. and {Kasen}, D. and {Thomas}, R. and 
	{Nugent}, P. and {Panov}, I.~V. and {Zinner}, N.~T.},
    title = "{Electromagnetic counterparts of compact object mergers powered by the radioactive decay of r-process nuclei}",
  journal = {\mnras},
archivePrefix = "arXiv",
   eprint = {1001.5029},
 primaryClass = "astro-ph.HE",
 keywords = {gravitation, nuclear reactions, nucleosynthesis, abundances, binaries: close, gamma-ray burst: general, stars: neutron, supernovae: general},
     year = 2010,
    month = aug,
   volume = 406,
    pages = {2650-2662},
      doi = {10.1111/j.1365-2966.2010.16864.x},
   adsurl = {http://adsabs.harvard.edu/abs/2010MNRAS.406.2650M},
  adsnote = {Provided by the SAO/NASA Astrophysics Data System}
}

@ARTICLE{2011CQGra..28h5016W,
   author = {{White}, D.~J. and {Daw}, E.~J. and {Dhillon}, V.~S.},
    title = "{A list of galaxies for gravitational wave searches}",
  journal = {Classical and Quantum Gravity},
archivePrefix = "arXiv",
   eprint = {1103.0695},
     year = 2011,
    month = apr,
   volume = 28,
   number = 8,
      eid = {085016},
    pages = {085016},
      doi = {10.1088/0264-9381/28/8/085016},
   adsurl = {http://adsabs.harvard.edu/abs/2011CQGra..28h5016W},
  adsnote = {Provided by the SAO/NASA Astrophysics Data System}
}

@ARTICLE{2011CQGra..28l5023S,
   author = {{Schutz}, B.~F.},
    title = "{Networks of gravitational wave detectors and three figures of merit}",
  journal = {Classical and Quantum Gravity},
archivePrefix = "arXiv",
   eprint = {1102.5421},
 primaryClass = "astro-ph.IM",
     year = 2011,
    month = jun,
   volume = 28,
   number = 12,
      eid = {125023},
    pages = {125023},
      doi = {10.1088/0264-9381/28/12/125023},
   adsurl = {http://adsabs.harvard.edu/abs/2011CQGra..28l5023S},
  adsnote = {Provided by the SAO/NASA Astrophysics Data System}
}

@ARTICLE{2012ApJ...746...48M,
   author = {{Metzger}, B.~D. and {Berger}, E.},
    title = "{What is the Most Promising Electromagnetic Counterpart of a Neutron Star Binary Merger?}",
  journal = {\apj},
archivePrefix = "arXiv",
   eprint = {1108.6056},
 primaryClass = "astro-ph.HE",
 keywords = {gamma-ray burst: general, gravitational waves, stars: neutron, surveys},
     year = 2012,
    month = feb,
   volume = 746,
      eid = {48},
    pages = {48},
      doi = {10.1088/0004-637X/746/1/48},
   adsurl = {http://adsabs.harvard.edu/abs/2012ApJ...746...48M},
  adsnote = {Provided by the SAO/NASA Astrophysics Data System}
}

@ARTICLE{2012ApJ...748..136C,
   author = {{Cannon}, K. and {Cariou}, R. and {Chapman}, A. and {Crispin-Ortuzar}, M. and 
	{Fotopoulos}, N. and {Frei}, M. and {Hanna}, C. and {Kara}, E. and 
	{Keppel}, D. and {Liao}, L. and {Privitera}, S. and {Searle}, A. and 
	{Singer}, L. and {Weinstein}, A.},
    title = "{Toward Early-warning Detection of Gravitational Waves from Compact Binary Coalescence}",
  journal = {\apj},
archivePrefix = "arXiv",
   eprint = {1107.2665},
 primaryClass = "astro-ph.IM",
 keywords = {gamma-ray burst: general, gravitational waves, methods: data analysis, methods: numerical},
     year = 2012,
    month = apr,
   volume = 748,
      eid = {136},
    pages = {136},
      doi = {10.1088/0004-637X/748/2/136},
   adsurl = {http://adsabs.harvard.edu/abs/2012ApJ...748..136C},
  adsnote = {Provided by the SAO/NASA Astrophysics Data System}
}

@ARTICLE{2012ApJS..199...26H,
   author = {{Huchra}, J.~P. and {Macri}, L.~M. and {Masters}, K.~L. and 
	{Jarrett}, T.~H. and {Berlind}, P. and {Calkins}, M. and {Crook}, A.~C. and 
	{Cutri}, R. and {Erdo{\v g}du}, P. and {Falco}, E. and {George}, T. and 
	{Hutcheson}, C.~M. and {Lahav}, O. and {Mader}, J. and {Mink}, J.~D. and 
	{Martimbeau}, N. and {Schneider}, S. and {Skrutskie}, M. and 
	{Tokarz}, S. and {Westover}, M.},
    title = "{The 2MASS Redshift Survey{\mdash}Description and Data Release}",
  journal = {\apjs},
archivePrefix = "arXiv",
   eprint = {1108.0669},
 keywords = {catalogs, galaxies: distances and redshifts, surveys},
     year = 2012,
    month = apr,
   volume = 199,
      eid = {26},
    pages = {26},
      doi = {10.1088/0067-0049/199/2/26},
   adsurl = {http://adsabs.harvard.edu/abs/2012ApJS..199...26H},
  adsnote = {Provided by the SAO/NASA Astrophysics Data System}
}

@ARTICLE{2012ApJS..203...28E,
   author = {{Evans}, P.~A. and {Fridriksson}, J.~K. and {Gehrels}, N. and 
	{Homan}, J. and {Osborne}, J.~P. and {Siegel}, M. and {Beardmore}, A. and 
	{Handbauer}, P. and {Gelbord}, J. and {Kennea}, J.~A. and et al.},
    title = "{Swift Follow-up Observations of Candidate Gravitational-wave Transient Events}",
  journal = {\apjs},
archivePrefix = "arXiv",
   eprint = {1205.1124},
 primaryClass = "astro-ph.HE",
 keywords = {gravitational waves, ultraviolet: general, X-rays: general },
     year = 2012,
    month = dec,
   volume = 203,
      eid = {28},
    pages = {28},
      doi = {10.1088/0067-0049/203/2/28},
   adsurl = {http://adsabs.harvard.edu/abs/2012ApJS..203...28E},
  adsnote = {Provided by the SAO/NASA Astrophysics Data System}
}

@ARTICLE{2012arXiv1204.4510S,
   author = {{Singer}, L. and {Price}, L. and {Speranza}, A.},
    title = "{Optimizing optical follow-up of gravitational-wave candidates}",
  journal = {ArXiv e-prints},
archivePrefix = "arXiv",
   eprint = {1204.4510},
 primaryClass = "astro-ph.IM",
 keywords = {Astrophysics - Instrumentation and Methods for Astrophysics, General Relativity and Quantum Cosmology},
     year = 2012,
    month = apr,
   adsurl = {http://adsabs.harvard.edu/abs/2012arXiv1204.4510S},
  adsnote = {Provided by the SAO/NASA Astrophysics Data System}
}

@ARTICLE{2013ApJ...767..124N,
   author = {{Nissanke}, S. and {Kasliwal}, M. and {Georgieva}, A.},
    title = "{Identifying Elusive Electromagnetic Counterparts to Gravitational Wave Mergers: An End-to-end Simulation}",
  journal = {\apj},
archivePrefix = "arXiv",
   eprint = {1210.6362},
 primaryClass = "astro-ph.HE",
 keywords = {binaries: close, catalogs, gamma-ray burst: general, gravitational waves, stars: neutron, surveys},
     year = 2013,
    month = apr,
   volume = 767,
      eid = {124},
    pages = {124},
      doi = {10.1088/0004-637X/767/2/124},
   adsurl = {http://adsabs.harvard.edu/abs/2013ApJ...767..124N},
  adsnote = {Provided by the SAO/NASA Astrophysics Data System}
}

@ARTICLE{2013MNRAS.430.2121P,
   author = {{Piran}, T. and {Nakar}, E. and {Rosswog}, S.},
    title = "{The electromagnetic signals of compact binary mergers}",
  journal = {\mnras},
archivePrefix = "arXiv",
   eprint = {1204.6242},
 primaryClass = "astro-ph.HE",
 keywords = {gravitational waves, stars: neutron, radio continuum: general, surveys, gamma-ray burst: general},
     year = 2013,
    month = apr,
   volume = 430,
    pages = {2121-2136},
      doi = {10.1093/mnras/stt037},
   adsurl = {http://adsabs.harvard.edu/abs/2013MNRAS.430.2121P},
  adsnote = {Provided by the SAO/NASA Astrophysics Data System}
}

@ARTICLE{2013Natur.500..547T,
   author = {{Tanvir}, N.~R. and {Levan}, A.~J. and {Fruchter}, A.~S. and 
	{Hjorth}, J. and {Hounsell}, R.~A. and {Wiersema}, K. and {Tunnicliffe}, R.~L.
	},
    title = "{A `kilonova' associated with the short-duration {$\gamma$}-ray burst GRB 130603B}",
  journal = {\nat},
archivePrefix = "arXiv",
   eprint = {1306.4971},
 primaryClass = "astro-ph.HE",
     year = 2013,
    month = aug,
   volume = 500,
    pages = {547-549},
      doi = {10.1038/nature12505},
   adsurl = {http://adsabs.harvard.edu/abs/2013Natur.500..547T},
  adsnote = {Provided by the SAO/NASA Astrophysics Data System}
}

@ARTICLE{2013arXiv1304.0670T,
   author = {{The LIGO Scientific Collaboration} and {the Virgo Collaboration} and 
	{Abbott}, B.~P. and {Abbott}, R. and {Abbott}, T.~D. and {Abernathy}, M.~R. and 
	{Acernese}, F. and {Ackley}, K. and {Adams}, C. and {Adams}, T. and et al.},
    title = "{Prospects for Observing and Localizing Gravitational-Wave Transients with Advanced LIGO and Advanced Virgo}",
  journal = {ArXiv e-prints},
archivePrefix = "arXiv",
   eprint = {1304.0670},
 primaryClass = "gr-qc",
 keywords = {General Relativity and Quantum Cosmology, Astrophysics - High Energy Astrophysical Phenomena},
     year = 2013,
    month = apr,
   adsurl = {http://adsabs.harvard.edu/abs/2013arXiv1304.0670T},
  adsnote = {Provided by the SAO/NASA Astrophysics Data System}
}

@ARTICLE{2014ApJ...780...31T,
   author = {{Tanaka}, M. and {Hotokezaka}, K. and {Kyutoku}, K. and {Wanajo}, S. and 
	{Kiuchi}, K. and {Sekiguchi}, Y. and {Shibata}, M.},
    title = "{Radioactively Powered Emission from Black Hole-Neutron Star Mergers}",
  journal = {\apj},
archivePrefix = "arXiv",
   eprint = {1310.2774},
 primaryClass = "astro-ph.HE",
 keywords = {gamma-ray burst: general, gravitational waves, nuclear reactions, nucleosynthesis, abundances, radiative transfer },
     year = 2014,
    month = jan,
   volume = 780,
      eid = {31},
    pages = {31},
      doi = {10.1088/0004-637X/780/1/31},
   adsurl = {http://adsabs.harvard.edu/abs/2014ApJ...780...31T},
  adsnote = {Provided by the SAO/NASA Astrophysics Data System}
}

@ARTICLE{2014ApJ...784....8H,
   author = {{Hanna}, C. and {Mandel}, I. and {Vousden}, W.},
    title = "{Utility of Galaxy Catalogs for Following up Gravitational Waves from Binary Neutron Star Mergers with Wide-field Telescopes}",
  journal = {\apj},
archivePrefix = "arXiv",
   eprint = {1312.2077},
 primaryClass = "astro-ph.HE",
 keywords = {binaries: close, catalogs, gravitational waves, stars: neutron},
     year = 2014,
    month = mar,
   volume = 784,
      eid = {8},
    pages = {8},
      doi = {10.1088/0004-637X/784/1/8},
   adsurl = {http://adsabs.harvard.edu/abs/2014ApJ...784....8H},
  adsnote = {Provided by the SAO/NASA Astrophysics Data System}
}

@ARTICLE{2014ApJ...789L..39W,
   author = {{Wanajo}, S. and {Sekiguchi}, Y. and {Nishimura}, N. and {Kiuchi}, K. and 
	{Kyutoku}, K. and {Shibata}, M.},
    title = "{Production of All the r-process Nuclides in the Dynamical Ejecta of Neutron Star Mergers}",
  journal = {\apjl},
archivePrefix = "arXiv",
   eprint = {1402.7317},
 primaryClass = "astro-ph.SR",
 keywords = {nuclear reactions, nucleosynthesis, abundances, stars: abundances, stars: neutron },
     year = 2014,
    month = jul,
   volume = 789,
      eid = {L39},
    pages = {L39},
      doi = {10.1088/2041-8205/789/2/L39},
   adsurl = {http://adsabs.harvard.edu/abs/2014ApJ...789L..39W},
  adsnote = {Provided by the SAO/NASA Astrophysics Data System}
}

@ARTICLE{2014ApJ...795..105S,
   author = {{Singer}, L.~P. and {Price}, L.~R. and {Farr}, B. and {Urban}, A.~L. and 
	{Pankow}, C. and {Vitale}, S. and {Veitch}, J. and {Farr}, W.~M. and 
	{Hanna}, C. and {Cannon}, K. and {Downes}, T. and {Graff}, P. and 
	{Haster}, C.-J. and {Mandel}, I. and {Sidery}, T. and {Vecchio}, A.
	},
    title = "{The First Two Years of Electromagnetic Follow-up with Advanced LIGO and Virgo}",
  journal = {\apj},
archivePrefix = "arXiv",
   eprint = {1404.5623},
 primaryClass = "astro-ph.HE",
 keywords = {gravitational waves, stars: neutron, surveys},
     year = 2014,
    month = nov,
   volume = 795,
      eid = {105},
    pages = {105},
      doi = {10.1088/0004-637X/795/2/105},
   adsurl = {http://adsabs.harvard.edu/abs/2014ApJ...795..105S},
  adsnote = {Provided by the SAO/NASA Astrophysics Data System}
}

@ARTICLE{2014ApJS..210....9B,
   author = {{Bilicki}, M. and {Jarrett}, T.~H. and {Peacock}, J.~A. and 
	{Cluver}, M.~E. and {Steward}, L.},
    title = "{Two Micron All Sky Survey Photometric Redshift Catalog: A Comprehensive Three-dimensional Census of the Whole Sky}",
  journal = {\apjs},
archivePrefix = "arXiv",
   eprint = {1311.5246},
 primaryClass = "astro-ph.CO",
 keywords = {catalogs, galaxies: distances and redshifts, large-scale structure of universe, methods: data analysis, methods: statistical, surveys },
     year = 2014,
    month = jan,
   volume = 210,
      eid = {9},
    pages = {9},
      doi = {10.1088/0067-0049/210/1/9},
   adsurl = {http://adsabs.harvard.edu/abs/2014ApJS..210....9B},
  adsnote = {Provided by the SAO/NASA Astrophysics Data System}
}

@ARTICLE{2014ApJS..211....7A,
   author = {{Aasi}, J. and {Abadie}, J. and {Abbott}, B.~P. and {Abbott}, R. and 
	{Abbott}, T. and {Abernathy}, M.~R. and {Accadia}, T. and {Acernese}, F. and 
	{Adams}, C. and {Adams}, T. and et al.},
    title = "{First Searches for Optical Counterparts to Gravitational-wave Candidate Events}",
  journal = {\apjs},
archivePrefix = "arXiv",
   eprint = {1310.2314},
 primaryClass = "astro-ph.IM",
 keywords = {binaries: close, catalogs, gravitational waves, stars: neutron, surveys},
     year = 2014,
    month = mar,
   volume = 211,
      eid = {7},
    pages = {7},
      doi = {10.1088/0067-0049/211/1/7},
   adsurl = {http://adsabs.harvard.edu/abs/2014ApJS..211....7A},
  adsnote = {Provided by the SAO/NASA Astrophysics Data System}
}

@ARTICLE{2014PhRvD..89l2004A,
   author = {{Aasi}, J. and {Abbott}, B.~P. and {Abbott}, R. and {Abbott}, T. and 
	{Abernathy}, M.~R. and {Acernese}, F. and {Ackley}, K. and {Adams}, C. and 
	{Adams}, T. and {Addesso}, P. and et al.},
    title = "{Methods and results of a search for gravitational waves associated with gamma-ray bursts using the GEO 600, LIGO, and Virgo detectors}",
  journal = {\prd},
archivePrefix = "arXiv",
   eprint = {1405.1053},
 primaryClass = "astro-ph.HE",
 keywords = {Gravitational wave detectors and experiments, Gravitational radiation magnetic fields and other observations, gamma-ray sources, gamma-ray bursts},
     year = 2014,
    month = jun,
   volume = 89,
   number = 12,
      eid = {122004},
    pages = {122004},
      doi = {10.1103/PhysRevD.89.122004},
   adsurl = {http://adsabs.harvard.edu/abs/2014PhRvD..89l2004A},
  adsnote = {Provided by the SAO/NASA Astrophysics Data System}
}

@ARTICLE{2015ApJ...804..114B,
   author = {{Berry}, C.~P.~L. and {Mandel}, I. and {Middleton}, H. and {Singer}, L.~P. and 
	{Urban}, A.~L. and {Vecchio}, A. and {Vitale}, S. and {Cannon}, K. and 
	{Farr}, B. and {Farr}, W.~M. and {Graff}, P.~B. and {Hanna}, C. and 
	{Haster}, C.-J. and {Mohapatra}, S. and {Pankow}, C. and {Price}, L.~R. and 
	{Sidery}, T. and {Veitch}, J.},
    title = "{Parameter Estimation for Binary Neutron-star Coalescences with Realistic Noise during the Advanced LIGO Era}",
  journal = {\apj},
archivePrefix = "arXiv",
   eprint = {1411.6934},
 primaryClass = "astro-ph.HE",
 keywords = {gravitational waves, methods: data analysis, stars: neutron, surveys},
     year = 2015,
    month = may,
   volume = 804,
      eid = {114},
    pages = {114},
      doi = {10.1088/0004-637X/804/2/114},
   adsurl = {http://adsabs.harvard.edu/abs/2015ApJ...804..114B},
  adsnote = {Provided by the SAO/NASA Astrophysics Data System}
}


@ARTICLE{2015ApJS..217...27A,
   author = {{Ann}, H.~B. and {Seo}, M. and {Ha}, D.~K.},
    title = "{A Catalog of Visually Classified Galaxies in the Local (z {\sim} 0.01) Universe}",
  journal = {\apjs},
archivePrefix = "arXiv",
   eprint = {1502.03545},
 keywords = {catalogs, galaxies: general, galaxies: statistics, galaxies: structure},
     year = 2015,
    month = apr,
   volume = 217,
      eid = {27},
    pages = {27},
      doi = {10.1088/0067-0049/217/2/27},
   adsurl = {http://adsabs.harvard.edu/abs/2015ApJS..217...27A},
  adsnote = {Provided by the SAO/NASA Astrophysics Data System}
}

@ARTICLE{2015MNRAS.446.1115M,
   author = {{Metzger}, B.~D. and {Bauswein}, A. and {Goriely}, S. and {Kasen}, D.
	},
    title = "{Neutron-powered precursors of kilonovae}",
  journal = {\mnras},
archivePrefix = "arXiv",
   eprint = {1409.0544},
 primaryClass = "astro-ph.HE",
 keywords = {gravitation, nuclear reactions, nucleosynthesis, abundances, binaries: close, stars: neutron, supernovae: general},
     year = 2015,
    month = jan,
   volume = 446,
    pages = {1115-1120},
      doi = {10.1093/mnras/stu2225},
   adsurl = {http://adsabs.harvard.edu/abs/2015MNRAS.446.1115M},
  adsnote = {Provided by the SAO/NASA Astrophysics Data System}
}


@ARTICLE{2015arXiv150803608G,
   author = {{Gehrels}, N. and {Cannizzo}, J.~K. and {Kanner}, J. and {Kasliwal}, M.~M. and 
	{Nissanke}, S. and {Singer}, L.~P.},
    title = "{Galaxy Strategy for LIGO-Virgo Gravitational Wave Counterpart Searches}",
  journal = {ArXiv e-prints},
archivePrefix = "arXiv",
   eprint = {1508.03608},
 primaryClass = "astro-ph.HE",
 keywords = {Astrophysics - High Energy Astrophysical Phenomena},
     year = 2015,
    month = aug,
   adsurl = {http://adsabs.harvard.edu/abs/2015arXiv150803608G},
  adsnote = {Provided by the SAO/NASA Astrophysics Data System}
}

@ARTICLE{2015arXiv150803634S,
   author = {{Singer}, L.~P. and {Price}, L.~R.},
    title = "{Rapid Bayesian position reconstruction for gravitational-wave transients}",
  journal = {ArXiv e-prints},
archivePrefix = "arXiv",
   eprint = {1508.03634},
 primaryClass = "gr-qc",
 keywords = {General Relativity and Quantum Cosmology, Astrophysics - High Energy Astrophysical Phenomena},
     year = 2015,
    month = aug,
   adsurl = {http://adsabs.harvard.edu/abs/2015arXiv150803634S},
  adsnote = {Provided by the SAO/NASA Astrophysics Data System}
}


@ARTICLE{2015arXiv151104398T,
   author = {{The LIGO Scientific Collaboration} and {the Virgo Collaboration} and 
	{Abbott}, B.~P. and {Abbott}, R. and {Abbott}, T.~D. and {Abernathy}, M.~R. and 
	{Acernese}, F. and {Ackley}, K. and {Adams}, C. and {Adams}, T. and et al.},
    title = "{An all-sky search for long-duration gravitational wave transients with LIGO}",
  journal = {ArXiv e-prints},
archivePrefix = "arXiv",
   eprint = {1511.04398},
 primaryClass = "gr-qc",
 keywords = {General Relativity and Quantum Cosmology, Astrophysics - Cosmology and Nongalactic Astrophysics, Astrophysics - Instrumentation and Methods for Astrophysics},
     year = 2015,
    month = nov,
   adsurl = {http://adsabs.harvard.edu/abs/2015arXiv151104398T},
  adsnote = {Provided by the SAO/NASA Astrophysics Data System}
}


@ARTICLE{2016MNRAS.455.1522E,
   author = {{Evans}, P.~A. and {Osborne}, J.~P. and {Kennea}, J.~A. and 
	{Campana}, S. and {O'Brien}, P.~T. and {Tanvir}, N.~R. and {Racusin}, J.~L. and 
	{Burrows}, D.~N. and {Cenko}, S.~B. and {Gehrels}, N.},
    title = "{Optimization of the Swift X-ray follow-up of Advanced LIGO and Virgo gravitational wave triggers in 2015-16}",
  journal = {\mnras},
archivePrefix = "arXiv",
   eprint = {1506.01624},
 primaryClass = "astro-ph.HE",
 keywords = {gravitational waves, methods: observational, gamma-ray burst: general, X-rays: general},
     year = 2016,
    month = jan,
   volume = 455,
    pages = {1522-1537},
      doi = {10.1093/mnras/stv2213},
   adsurl = {http://adsabs.harvard.edu/abs/2016MNRAS.455.1522E},
  adsnote = {Provided by the SAO/NASA Astrophysics Data System}
}


@ARTICLE{2005ApJ...622..759G,
   author = {{G{\'o}rski}, K.~M. and {Hivon}, E. and {Banday}, A.~J. and 
	{Wandelt}, B.~D. and {Hansen}, F.~K. and {Reinecke}, M. and 
	{Bartelmann}, M.},
    title = "{HEALPix: A Framework for High-Resolution Discretization and Fast Analysis of Data Distributed on the Sphere}",
  journal = {\apj},
   eprint = {astro-ph/0409513},
 keywords = {Cosmology: Cosmic Microwave Background, Cosmology: Observations, Methods: Statistical},
     year = 2005,
    month = apr,
   volume = 622,
    pages = {759-771},
      doi = {10.1086/427976},
   adsurl = {http://adsabs.harvard.edu/abs/2005ApJ...622..759G},
  adsnote = {Provided by the SAO/NASA Astrophysics Data System}
}

@article{PhysRevLett.116.061102,
  title = {Observation of Gravitational Waves from a Binary Black Hole Merger},
  author = {Abbott, B. P. and others}, 
  oldauthor = {Abbott, B. P. and Abbott, R. and Abbott, T. D. and Abernathy, M. R. and Acernese, F. and Ackley, K. and Adams, C. and Adams, T. and Addesso, P. and Adhikari, R. X. and Adya, V. B. and Affeldt, C. and Agathos, M. and Agatsuma, K. and Aggarwal, N. and Aguiar, O. D. and Aiello, L. and Ain, A. and Ajith, P. and Allen, B. and Allocca, A. and Altin, P. A. and Anderson, S. B. and Anderson, W. G. and Arai, K. and Arain, M. A. and Araya, M. C. and Arceneaux, C. C. and Areeda, J. S. and Arnaud, N. and Arun, K. G. and Ascenzi, S. and Ashton, G. and Ast, M. and Aston, S. M. and Astone, P. and Aufmuth, P. and Aulbert, C. and Babak, S. and Bacon, P. and Bader, M. K. M. and Baker, P. T. and Baldaccini, F. and Ballardin, G. and Ballmer, S. W. and Barayoga, J. C. and Barclay, S. E. and Barish, B. C. and Barker, D. and Barone, F. and Barr, B. and Barsotti, L. and Barsuglia, M. and Barta, D. and Bartlett, J. and Barton, M. A. and Bartos, I. and Bassiri, R. and Basti, A. and Batch, J. C. and Baune, C. and Bavigadda, V. and Bazzan, M. and Behnke, B. and Bejger, M. and Belczynski, C. and Bell, A. S. and Bell, C. J. and Berger, B. K. and Bergman, J. and Bergmann, G. and Berry, C. P. L. and Bersanetti, D. and Bertolini, A. and Betzwieser, J. and Bhagwat, S. and Bhandare, R. and Bilenko, I. A. and Billingsley, G. and Birch, J. and Birney, R. and Birnholtz, O. and Biscans, S. and Bisht, A. and Bitossi, M. and Biwer, C. and Bizouard, M. A. and Blackburn, J. K. and Blair, C. D. and Blair, D. G. and Blair, R. M. and Bloemen, S. and Bock, O. and Bodiya, T. P. and Boer, M. and Bogaert, G. and Bogan, C. and Bohe, A. and Bojtos, P. and Bond, C. and Bondu, F. and Bonnand, R. and Boom, B. A. and Bork, R. and Boschi, V. and Bose, S. and Bouffanais, Y. and Bozzi, A. and Bradaschia, C. and Brady, P. R. and Braginsky, V. B. and Branchesi, M. and Brau, J. E. and Briant, T. and Brillet, A. and Brinkmann, M. and Brisson, V. and Brockill, P. and Brooks, A. F. and Brown, D. A. and Brown, D. D. and Brown, N. M. and Buchanan, C. C. and Buikema, A. and Bulik, T. and Bulten, H. J. and Buonanno, A. and Buskulic, D. and Buy, C. and Byer, R. L. and Cabero, M. and Cadonati, L. and Cagnoli, G. and Cahillane, C. and Bustillo, J. Calder\'on and Callister, T. and Calloni, E. and Camp, J. B. and Cannon, K. C. and Cao, J. and Capano, C. D. and Capocasa, E. and Carbognani, F. and Caride, S. and Diaz, J. Casanueva and Casentini, C. and Caudill, S. and Cavagli\`a, M. and Cavalier, F. and Cavalieri, R. and Cella, G. and Cepeda, C. B. and Baiardi, L. Cerboni and Cerretani, G. and Cesarini, E. and Chakraborty, R. and Chalermsongsak, T. and Chamberlin, S. J. and Chan, M. and Chao, S. and Charlton, P. and Chassande-Mottin, E. and Chen, H. Y. and Chen, Y. and Cheng, C. and Chincarini, A. and Chiummo, A. and Cho, H. S. and Cho, M. and Chow, J. H. and Christensen, N. and Chu, Q. and Chua, S. and Chung, S. and Ciani, G. and Clara, F. and Clark, J. A. and Cleva, F. and Coccia, E. and Cohadon, P.-F. and Colla, A. and Collette, C. G. and Cominsky, L. and Constancio, M. and Conte, A. and Conti, L. and Cook, D. and Corbitt, T. R. and Cornish, N. and Corsi, A. and Cortese, S. and Costa, C. A. and Coughlin, M. W. and Coughlin, S. B. and Coulon, J.-P. and Countryman, S. T. and Couvares, P. and Cowan, E. E. and Coward, D. M. and Cowart, M. J. and Coyne, D. C. and Coyne, R. and Craig, K. and Creighton, J. D. E. and Creighton, T. D. and Cripe, J. and Crowder, S. G. and Cruise, A. M. and Cumming, A. and Cunningham, L. and Cuoco, E. and Canton, T. Dal and Danilishin, S. L. and D'Antonio, S. and Danzmann, K. and Darman, N. S. and Da Silva Costa, C. F. and Dattilo, V. and Dave, I. and Daveloza, H. P. and Davier, M. and Davies, G. S. and Daw, E. J. and Day, R. and De, S. and DeBra, D. and Debreczeni, G. and Degallaix, J. and De Laurentis, M. and Del\'eglise, S. and Del Pozzo, W. and Denker, T. and Dent, T. and Dereli, H. and Dergachev, V. and DeRosa, R. T. and De Rosa, R. and DeSalvo, R. and Dhurandhar, S. and D\'{\i}az, M. C. and Di Fiore, L. and Di Giovanni, M. and Di Lieto, A. and Di Pace, S. and Di Palma, I. and Di Virgilio, A. and Dojcinoski, G. and Dolique, V. and Donovan, F. and Dooley, K. L. and Doravari, S. and Douglas, R. and Downes, T. P. and Drago, M. and Drever, R. W. P. and Driggers, J. C. and Du, Z. and Ducrot, M. and Dwyer, S. E. and Edo, T. B. and Edwards, M. C. and Effler, A. and Eggenstein, H.-B. and Ehrens, P. and Eichholz, J. and Eikenberry, S. S. and Engels, W. and Essick, R. C. and Etzel, T. and Evans, M. and Evans, T. M. and Everett, R. and Factourovich, M. and Fafone, V. and Fair, H. and Fairhurst, S. and Fan, X. and Fang, Q. and Farinon, S. and Farr, B. and Farr, W. M. and Favata, M. and Fays, M. and Fehrmann, H. and Fejer, M. M. and Feldbaum, D. and Ferrante, I. and Ferreira, E. C. and Ferrini, F. and Fidecaro, F. and Finn, L. S. and Fiori, I. and Fiorucci, D. and Fisher, R. P. and Flaminio, R. and Fletcher, M. and Fong, H. and Fournier, J.-D. and Franco, S. and Frasca, S. and Frasconi, F. and Frede, M. and Frei, Z. and Freise, A. and Frey, R. and Frey, V. and Fricke, T. T. and Fritschel, P. and Frolov, V. V. and Fulda, P. and Fyffe, M. and Gabbard, H. A. G. and Gair, J. R. and Gammaitoni, L. and Gaonkar, S. G. and Garufi, F. and Gatto, A. and Gaur, G. and Gehrels, N. and Gemme, G. and Gendre, B. and Genin, E. and Gennai, A. and George, J. and Gergely, L. and Germain, V. and Ghosh, Abhirup and Ghosh, Archisman and Ghosh, S. and Giaime, J. A. and Giardina, K. D. and Giazotto, A. and Gill, K. and Glaefke, A. and Gleason, J. R. and Goetz, E. and Goetz, R. and Gondan, L. and Gonz\'alez, G. and Castro, J. M. Gonzalez and Gopakumar, A. and Gordon, N. A. and Gorodetsky, M. L. and Gossan, S. E. and Gosselin, M. and Gouaty, R. and Graef, C. and Graff, P. B. and Granata, M. and Grant, A. and Gras, S. and Gray, C. and Greco, G. and Green, A. C. and Greenhalgh, R. J. S. and Groot, P. and Grote, H. and Grunewald, S. and Guidi, G. M. and Guo, X. and Gupta, A. and Gupta, M. K. and Gushwa, K. E. and Gustafson, E. K. and Gustafson, R. and Hacker, J. J. and Hall, B. R. and Hall, E. D. and Hammond, G. and Haney, M. and Hanke, M. M. and Hanks, J. and Hanna, C. and Hannam, M. D. and Hanson, J. and Hardwick, T. and Harms, J. and Harry, G. M. and Harry, I. W. and Hart, M. J. and Hartman, M. T. and Haster, C.-J. and Haughian, K. and Healy, J. and Heefner, J. and Heidmann, A. and Heintze, M. C. and Heinzel, G. and Heitmann, H. and Hello, P. and Hemming, G. and Hendry, M. and Heng, I. S. and Hennig, J. and Heptonstall, A. W. and Heurs, M. and Hild, S. and Hoak, D. and Hodge, K. A. and Hofman, D. and Hollitt, S. E. and Holt, K. and Holz, D. E. and Hopkins, P. and Hosken, D. J. and Hough, J. and Houston, E. A. and Howell, E. J. and Hu, Y. M. and Huang, S. and Huerta, E. A. and Huet, D. and Hughey, B. and Husa, S. and Huttner, S. H. and Huynh-Dinh, T. and Idrisy, A. and Indik, N. and Ingram, D. R. and Inta, R. and Isa, H. N. and Isac, J.-M. and Isi, M. and Islas, G. and Isogai, T. and Iyer, B. R. and Izumi, K. and Jacobson, M. B. and Jacqmin, T. and Jang, H. and Jani, K. and Jaranowski, P. and Jawahar, S. and Jim\'enez-Forteza, F. and Johnson, W. W. and Johnson-McDaniel, N. K. and Jones, D. I. and Jones, R. and Jonker, R. J. G. and Ju, L. and Haris, K. and Kalaghatgi, C. V. and Kalogera, V. and Kandhasamy, S. and Kang, G. and Kanner, J. B. and Karki, S. and Kasprzack, M. and Katsavounidis, E. and Katzman, W. and Kaufer, S. and Kaur, T. and Kawabe, K. and Kawazoe, F. and K\'ef\'elian, F. and Kehl, M. S. and Keitel, D. and Kelley, D. B. and Kells, W. and Kennedy, R. and Keppel, D. G. and Key, J. S. and Khalaidovski, A. and Khalili, F. Y. and Khan, I. and Khan, S. and Khan, Z. and Khazanov, E. A. and Kijbunchoo, N. and Kim, C. and Kim, J. and Kim, K. and Kim, Nam-Gyu and Kim, Namjun and Kim, Y.-M. and King, E. J. and King, P. J. and Kinzel, D. L. and Kissel, J. S. and Kleybolte, L. and Klimenko, S. and Koehlenbeck, S. M. and Kokeyama, K. and Koley, S. and Kondrashov, V. and Kontos, A. and Koranda, S. and Korobko, M. and Korth, W. Z. and Kowalska, I. and Kozak, D. B. and Kringel, V. and Krishnan, B. and Kr\'olak, A. and Krueger, C. and Kuehn, G. and Kumar, P. and Kumar, R. and Kuo, L. and Kutynia, A. and Kwee, P. and Lackey, B. D. and Landry, M. and Lange, J. and Lantz, B. and Lasky, P. D. and Lazzarini, A. and Lazzaro, C. and Leaci, P. and Leavey, S. and Lebigot, E. O. and Lee, C. H. and Lee, H. K. and Lee, H. M. and Lee, K. and Lenon, A. and Leonardi, M. and Leong, J. R. and Leroy, N. and Letendre, N. and Levin, Y. and Levine, B. M. and Li, T. G. F. and Libson, A. and Littenberg, T. B. and Lockerbie, N. A. and Logue, J. and Lombardi, A. L. and London, L. T. and Lord, J. E. and Lorenzini, M. and Loriette, V. and Lormand, M. and Losurdo, G. and Lough, J. D. and Lousto, C. O. and Lovelace, G. and L\"uck, H. and Lundgren, A. P. and Luo, J. and Lynch, R. and Ma, Y. and MacDonald, T. and Machenschalk, B. and MacInnis, M. and Macleod, D. M. and Maga\~na-Sandoval, F. and Magee, R. M. and Mageswaran, M. and Majorana, E. and Maksimovic, I. and Malvezzi, V. and Man, N. and Mandel, I. and Mandic, V. and Mangano, V. and Mansell, G. L. and Manske, M. and Mantovani, M. and Marchesoni, F. and Marion, F. and M\'arka, S. and M\'arka, Z. and Markosyan, A. S. and Maros, E. and Martelli, F. and Martellini, L. and Martin, I. W. and Martin, R. M. and Martynov, D. V. and Marx, J. N. and Mason, K. and Masserot, A. and Massinger, T. J. and Masso-Reid, M. and Matichard, F. and Matone, L. and Mavalvala, N. and Mazumder, N. and Mazzolo, G. and McCarthy, R. and McClelland, D. E. and McCormick, S. and McGuire, S. C. and McIntyre, G. and McIver, J. and McManus, D. J. and McWilliams, S. T. and Meacher, D. and Meadors, G. D. and Meidam, J. and Melatos, A. and Mendell, G. and Mendoza-Gandara, D. and Mercer, R. A. and Merilh, E. and Merzougui, M. and Meshkov, S. and Messenger, C. and Messick, C. and Meyers, P. M. and Mezzani, F. and Miao, H. and Michel, C. and Middleton, H. and Mikhailov, E. E. and Milano, L. and Miller, J. and Millhouse, M. and Minenkov, Y. and Ming, J. and Mirshekari, S. and Mishra, C. and Mitra, S. and Mitrofanov, V. P. and Mitselmakher, G. and Mittleman, R. and Moggi, A. and Mohan, M. and Mohapatra, S. R. P. and Montani, M. and Moore, B. C. and Moore, C. J. and Moraru, D. and Moreno, G. and Morriss, S. R. and Mossavi, K. and Mours, B. and Mow-Lowry, C. M. and Mueller, C. L. and Mueller, G. and Muir, A. W. and Mukherjee, Arunava and Mukherjee, D. and Mukherjee, S. and Mukund, N. and Mullavey, A. and Munch, J. and Murphy, D. J. and Murray, P. G. and Mytidis, A. and Nardecchia, I. and Naticchioni, L. and Nayak, R. K. and Necula, V. and Nedkova, K. and Nelemans, G. and Neri, M. and Neunzert, A. and Newton, G. and Nguyen, T. T. and Nielsen, A. B. and Nissanke, S. and Nitz, A. and Nocera, F. and Nolting, D. and Normandin, M. E. N. and Nuttall, L. K. and Oberling, J. and Ochsner, E. and O'Dell, J. and Oelker, E. and Ogin, G. H. and Oh, J. J. and Oh, S. H. and Ohme, F. and Oliver, M. and Oppermann, P. and Oram, Richard J. and O'Reilly, B. and O'Shaughnessy, R. and Ott, C. D. and Ottaway, D. J. and Ottens, R. S. and Overmier, H. and Owen, B. J. and Pai, A. and Pai, S. A. and Palamos, J. R. and Palashov, O. and Palomba, C. and Pal-Singh, A. and Pan, H. and Pan, Y. and Pankow, C. and Pannarale, F. and Pant, B. C. and Paoletti, F. and Paoli, A. and Papa, M. A. and Paris, H. R. and Parker, W. and Pascucci, D. and Pasqualetti, A. and Passaquieti, R. and Passuello, D. and Patricelli, B. and Patrick, Z. and Pearlstone, B. L. and Pedraza, M. and Pedurand, R. and Pekowsky, L. and Pele, A. and Penn, S. and Perreca, A. and Pfeiffer, H. P. and Phelps, M. and Piccinni, O. and Pichot, M. and Pickenpack, M. and Piergiovanni, F. and Pierro, V. and Pillant, G. and Pinard, L. and Pinto, I. M. and Pitkin, M. and Poeld, J. H. and Poggiani, R. and Popolizio, P. and Post, A. and Powell, J. and Prasad, J. and Predoi, V. and Premachandra, S. S. and Prestegard, T. and Price, L. R. and Prijatelj, M. and Principe, M. and Privitera, S. and Prix, R. and Prodi, G. A. and Prokhorov, L. and Puncken, O. and Punturo, M. and Puppo, P. and P\"urrer, M. and Qi, H. and Qin, J. and Quetschke, V. and Quintero, E. A. and Quitzow-James, R. and Raab, F. J. and Rabeling, D. S. and Radkins, H. and Raffai, P. and Raja, S. and Rakhmanov, M. and Ramet, C. R. and Rapagnani, P. and Raymond, V. and Razzano, M. and Re, V. and Read, J. and Reed, C. M. and Regimbau, T. and Rei, L. and Reid, S. and Reitze, D. H. and Rew, H. and Reyes, S. D. and Ricci, F. and Riles, K. and Robertson, N. A. and Robie, R. and Robinet, F. and Rocchi, A. and Rolland, L. and Rollins, J. G. and Roma, V. J. and Romano, J. D. and Romano, R. and Romanov, G. and Romie, J. H. and Rosi\ifmmode \acute{n}\else \'{n}\fi{}ska, D. and Rowan, S. and R\"udiger, A. and Ruggi, P. and Ryan, K. and Sachdev, S. and Sadecki, T. and Sadeghian, L. and Salconi, L. and Saleem, M. and Salemi, F. and Samajdar, A. and Sammut, L. and Sampson, L. M. and Sanchez, E. J. and Sandberg, V. and Sandeen, B. and Sanders, G. H. and Sanders, J. R. and Sassolas, B. and Sathyaprakash, B. S. and Saulson, P. R. and Sauter, O. and Savage, R. L. and Sawadsky, A. and Schale, P. and Schilling, R. and Schmidt, J. and Schmidt, P. and Schnabel, R. and Schofield, R. M. S. and Sch\"onbeck, A. and Schreiber, E. and Schuette, D. and Schutz, B. F. and Scott, J. and Scott, S. M. and Sellers, D. and Sengupta, A. S. and Sentenac, D. and Sequino, V. and Sergeev, A. and Serna, G. and Setyawati, Y. and Sevigny, A. and Shaddock, D. A. and Shaffer, T. and Shah, S. and Shahriar, M. S. and Shaltev, M. and Shao, Z. and Shapiro, B. and Shawhan, P. and Sheperd, A. and Shoemaker, D. H. and Shoemaker, D. M. and Siellez, K. and Siemens, X. and Sigg, D. and Silva, A. D. and Simakov, D. and Singer, A. and Singer, L. P. and Singh, A. and Singh, R. and Singhal, A. and Sintes, A. M. and Slagmolen, B. J. J. and Smith, J. R. and Smith, M. R. and Smith, N. D. and Smith, R. J. E. and Son, E. J. and Sorazu, B. and Sorrentino, F. and Souradeep, T. and Srivastava, A. K. and Staley, A. and Steinke, M. and Steinlechner, J. and Steinlechner, S. and Steinmeyer, D. and Stephens, B. C. and Stevenson, S. P. and Stone, R. and Strain, K. A. and Straniero, N. and Stratta, G. and Strauss, N. A. and Strigin, S. and Sturani, R. and Stuver, A. L. and Summerscales, T. Z. and Sun, L. and Sutton, P. J. and Swinkels, B. L. and Szczepa\ifmmode \acute{n}\else \'{n}\fi{}czyk, M. J. and Tacca, M. and Talukder, D. and Tanner, D. B. and T\'apai, M. and Tarabrin, S. P. and Taracchini, A. and Taylor, R. and Theeg, T. and Thirugnanasambandam, M. P. and Thomas, E. G. and Thomas, M. and Thomas, P. and Thorne, K. A. and Thorne, K. S. and Thrane, E. and Tiwari, S. and Tiwari, V. and Tokmakov, K. V. and Tomlinson, C. and Tonelli, M. and Torres, C. V. and Torrie, C. I. and T\"oyr\"a, D. and Travasso, F. and Traylor, G. and Trifir\`o, D. and Tringali, M. C. and Trozzo, L. and Tse, M. and Turconi, M. and Tuyenbayev, D. and Ugolini, D. and Unnikrishnan, C. S. and Urban, A. L. and Usman, S. A. and Vahlbruch, H. and Vajente, G. and Valdes, G. and Vallisneri, M. and van Bakel, N. and van Beuzekom, M. and van den Brand, J. F. J. and Van Den Broeck, C. and Vander-Hyde, D. C. and van der Schaaf, L. and van Heijningen, J. V. and van Veggel, A. A. and Vardaro, M. and Vass, S. and Vas\'uth, M. and Vaulin, R. and Vecchio, A. and Vedovato, G. and Veitch, J. and Veitch, P. J. and Venkateswara, K. and Verkindt, D. and Vetrano, F. and Vicer\'e, A. and Vinciguerra, S. and Vine, D. J. and Vinet, J.-Y. and Vitale, S. and Vo, T. and Vocca, H. and Vorvick, C. and Voss, D. and Vousden, W. D. and Vyatchanin, S. P. and Wade, A. R. and Wade, L. E. and Wade, M. and Waldman, S. J. and Walker, M. and Wallace, L. and Walsh, S. and Wang, G. and Wang, H. and Wang, M. and Wang, X. and Wang, Y. and Ward, H. and Ward, R. L. and Warner, J. and Was, M. and Weaver, B. and Wei, L.-W. and Weinert, M. and Weinstein, A. J. and Weiss, R. and Welborn, T. and Wen, L. and We\ss{}els, P. and Westphal, T. and Wette, K. and Whelan, J. T. and Whitcomb, S. E. and White, D. J. and Whiting, B. F. and Wiesner, K. and Wilkinson, C. and Willems, P. A. and Williams, L. and Williams, R. D. and Williamson, A. R. and Willis, J. L. and Willke, B. and Wimmer, M. H. and Winkelmann, L. and Winkler, W. and Wipf, C. C. and Wiseman, A. G. and Wittel, H. and Woan, G. and Worden, J. and Wright, J. L. and Wu, G. and Yablon, J. and Yakushin, I. and Yam, W. and Yamamoto, H. and Yancey, C. C. and Yap, M. J. and Yu, H. and Yvert, M. and Zadro\ifmmode \dot{z}\else \.{z}\fi{}ny, A. and Zangrando, L. and Zanolin, M. and Zendri, J.-P. and Zevin, M. and Zhang, F. and Zhang, L. and Zhang, M. and Zhang, Y. and Zhao, C. and Zhou, M. and Zhou, Z. and Zhu, X. J. and Zucker, M. E. and Zuraw, S. E. and Zweizig, J.},
  collaboration = {LIGO Scientific Collaboration and Virgo Collaboration},
  journal = {Phys. Rev. Lett.},
  volume = 116,
  issue = 6,
  pages = 061102,
  numpages = 16,
  year = 2016,
  month = {Feb},
  publisher = {American Physical Society},
  doi = {10.1103/PhysRevLett.116.061102},
  url = {http://link.aps.org/doi/10.1103/PhysRevLett.116.061102}
}
